@misc{investopedia, 
    title={Term Deposit}, 
    howpublished = {\url{https://www.investopedia.com/terms/t/termdeposit.asp}}, 
    note = {Accessed: 2022-03-15}
}

@misc{ml_master, 
      title = {Tour of Evaluation Metrics},
      howpublished = {\url{https://machinelearningmastery.com/tour-of-evaluation-metrics-for-imbalanced-classification/}}, 
      note = {Accessed: 2022-03-17}
}

@article{moro2014data,
  title={A data-driven approach to predict the success of bank telemarketing},
  author={Moro, S{\'e}rgio and Cortez, Paulo and Rita, Paulo},
  journal={Decision Support Systems},
  volume={62},
  pages={22--31},
  year={2014},
  publisher={Elsevier}
}

@book{James2013,
  author = {James, Gareth and Witten, Daniela and Hastie, Trevor and Tibshirani, Robert},
  publisher = {Springer},
  title = {An Introduction to Statistical Learning: with Applications in R },
  url = {https://faculty.marshall.usc.edu/gareth-james/ISL/},
  year = 2013
}